@Book{hls:hls-from-alg-to-circuit,
 author   = {Adam Morawiec and Philippe Coussy},
 title    = {High-Level Synthesis - from algorithm to digital circuit},
 edition  = {1ª},
 publisher= {Springer},
 note     = {},
 year     = {2008},
}

@book{hls:an-introduction-to-hls,
	author   = {Michael Meredith and Andres Takach},
	title    = {An Introduction to High-Level Synthesis},
	edition  = {},
	publisher= {IEEE},
	note     = {},
	year     = {2009},
}

@Book{fpga:fpga-for-dummies,
	author   = {Andrew Moore and Ron Wilson},
	title    = {FPGA for Dummies},
	edition  = {2ª},
	publisher= {John Wiley & Sons, Inc.},
	note     = {},
	year     = {2017},
}

@Book{huffman:algorithms-sedgewick,
	author   = {Robert Sedgewick and Kevin Wayne},
	title    = {Algorithms},
	edition  = {4ª},
	publisher= {Addison-Wesley},
	note     = {},
	year     = {2011},
}

@Book{huffman:algorithms-clrs,
	author   = {Thomas H. Cormen and Charles E. Leiserson and Ronald L. Rivest and Clifford Stein},
	title    = {Algorithms},
	edition  = {3ª},
	publisher= {MIT Press},
	note     = {},
	year     = {2009},
}

@Book{tsp:eulerian-paths,
	author   = {Herbert Fleischner},
	title    = {Eulerian Paths and Related Topics},
	edition  = {1ª},
	publisher= {North Holland},
	note     = {},
	year     = {1991},
}

@Book{fpga:fpga-an-overview,
	author   = {Umer Farooq and	Zied Marrakchi and Habib Mehrez},
	title    = {Tree-based Heterogeneous FPGA Architectures},
	edition  = {1ª},
	publisher= {Springer-Verlag New York},
	note     = {},
	year     = {2012},
}

@article{tsp:heuristics-tsp,
	author   = {Daniel J. Rosenkrantz},
	title    = {An Analysis of Several Heuristics for the Traveling Salesman Problem},
	journal  = {SIAM Journal on Computing},
	year     = {1977},
}



%exemplos abaixo%
@Book{eco:09,
 author   = {Umberto Eco},
 title    = {Como se Faz uma Tese},
 edition  = {22º},
 publisher= {Perspectiva},
 note     = {Tradução Gilson Cesar Cardoso de Souza},
 year     = {2009},
}

@Book{zobel:04,
 author   = {Justin Zobel},
 title    = {Writing for Computer Science: The art of effective communication},
 publisher= {Springer},
 edition  = {Segunda},
 year     = {2004},
}

@Book{waz:09,
 author   = {Raul S. Wazlawick},
 title    = {Metodologia de Pesquisa em Ciencia da Computação},
 publisher= {Campus},
 edition  = {Primeira},
 year     = {2009},
}

@Book{Higham:98,
 author   = {Nicholas J. Higham},
 title    = {Handbook of Writing for the Mathematical Sciences},
 edition  = {segunda},
 publisher= {SIAM: Society for Industrial and Applied Mathematics},
 month    = Aug,
 year     = {1998},
}

@book{Knuth:96,
 author   = {Donald E. Knuth and Tracy Larrabee and Paul M. Roberts},
 title    = {Mathematical Writing},
 publisher= {The Mathematical Association of America},
 month    = Sep,
 year     = {1996}
}

@InProceedings{alves03:simi,
 author   = {Carlos E. R. Alves and Edson N. Cáceres and Frank Dehne and Siang W. Song},
 title    = {A Parallel Wavefront Algorithm for Efficient Biological Sequence Comparison},
 booktitle= {ICCSA '03: The 2003 International Conference on Computational Science and its Applications},
 year     = {2003},
 pages    = {249-258},
 month    = May,
 publisher= {Springer-Verlag}
}

@Article{MenaChalco08,
 author   = {Jesús P. Mena-Chalco and Helaine Carrer and Yossi Zana and Roberto M. Cesar-Jr.},
 title    = {Identification of protein coding regions using the modified {G}abor-wavelet transform},
 journal  = {IEEE/ACM Transactions on Computational Biology and Bioinformatics},
 volume   = {5},
 pages    = {198-207},
 year     = {2008},
}

@Techreport{alvisi99:analysisCIC,
 author   = {Lorenzo Alvisi and Elmootazbellah Elnozahy and Sriram S. Rao and Syed A. Husain and Asanka Del Mel},
 title    = {An Analysis of Comunication-Induced Checkpointing},
 institution= {Department of Computer Science, University of Texas at Austin},
 year     = {1999},
 number   = {TR-99-01},
 address  = {Austin, {USA}}
}

@Misc{gridftp,
 author   = {William Allcock},
 title    = {{GridFTP} protocol specification. {Global Grid Forum} Recommendation ({GFD}.20)},
 year     = {2003}
}

@Book{JW82,
 author   = {Richard A. Johnson and Dean W. Wichern},
 title    = {Applied Multivariate Statistical Analysis},
 publisher= {Prentice-Hall},
 year     = {1983}
}

@Manual{CORBA:spec,
 title    = {{CORBA v3.0 Specification}},
 author   = {{Object Management Group}},
 month    = Jul,
 year     = {2002},
 note     = {{OMG Document 02-06-33}}
}

@PhdThesis{garcia01:PhD,
 author   = {Islene C. Garcia},
 title    = {Visões Progressivas de Computações Distribuídas},
 school   = {Instituto de Computação, Universidade de Campinas, Brasil},
 year     = {2001},
 month    = {Dezembro}
}

@Conference{bronevetsky02,
 author   = {Greg Bronevetsky and Daniel Marques and Keshav Pingali and Paul Stodghill},
 title    = {Automated application-level checkpointing of {MPI} programs},
 booktitle= {PPoPP '03: Proceedings of the 9th ACM SIGPLAN Symposium on Principles and Practice of Parallel Programming},
 year     = {2003},
 pages    = {84-89}
}

@InCollection{bobaoglu93:concepts,
 author   = {Ozalp Babaoglu and Keith Marzullo},
 title    = {Consistent Global States of Distributed Systems: Fundamental Concepts and Mechanisms},
 editor   = {Sape Mullender},
 booktitle= {Distributed Systems},
 edition  = {segunda},
 year     = {1993},
 pages    = {55-96}
}

@MastersThesis{schmidt03:MSc,
 author   = {Rodrigo M. Schmidt},
 title    = {Coleta de Lixo para Protocolos de \emph{Checkpointing}},
 school   = {Instituto de Computação, Universidade de Campinas, Brasil},
 year     = {2003},
 month    = Oct
}

@Misc{fowler04:designDead,
 author   = {Martin Fowler},
 title    = {Is Design Dead?},
 year     = {2004},
 month    = May,
 note     = {Último acesso em 30/1/2010},
 howpublished= {\url{http://martinfowler.com/articles/designDead.html}},
}

@Misc{FSF:GNU-GPL,
 author   = {Free Software Foundation},
 title    = {{GNU} general public license},
 note     = {Último acesso em 30/1/2010},
 howpublished= {\url{http://www.gnu.org/copyleft/gpl.html}},
}

@article{alon09:how,
 author   = {Uri Alon},
 title    = {{How To Choose a Good Scientific Problem}},
 journal  = {Molecular Cell},
 year     = {2009},
 volume   = {35},
 number   = {6},
 pages    = {726--728},
 publisher= {Cell Press},
 month    = sep,
 doi      = {10.1016/j.molcel.2009.09.013},
}

@book{tufte01:visualDisplay,
 author   = {Edward Tufte},
 title    = {The Visual Display of Quantitative Information},
 year     = {2001},
 edition  = {2nd},
 publisher= {Graphics Pr},
 month    = may,
}

